@misc{portierdelyonWAIS,
        author = {Portier and Delyon},
        title = {Asymptotic optimality of adaptive importance sampling},
        howpublished = {arXiv - 1806.00989},
        year = {2018},
        note={7-8},
}
@article{pmle,
  author          = {C. Gourieroux, A. Monfort and A. Trognon },
  journal         = {The Econometric Society },
  number          = {3},
  title           = {Pseudo Maximum Likelihood Methods: Theory},
  volume          = {52},
  year            = {1984},
  note            = {pages 681-700.  DOI : https://doi.org/10.2307/1913471}
}